% Encoding: UTF-8

@Article{Faist1994,
  author       = {Jerome Faist and Federico Capasso and Deborah L. Sivco and Carlo Sirtori and Albert L. Hutchinson and Alfred Y. Cho},
  title        = {Quantum Cascade Laser},
  journaltitle = {Science},
  date         = {1994},
  volume       = {264},
  number       = {5158},
  eid          = {553-556},
  doi          = {10.1126/science.264.5158.553 },
  file         = {P:\Andre\Paper\QCL\Quantum_Cascade_Laser_Jerome-Faist.pdf},
}

@Article{Tombez2012,
	author       = {L. Tombez and S. Schilt and J. Di Francesco and T. Fuehrer},
	title        = {Linewidth of a quantum-cascade laser assessed from its frequency noise spectrum and impact of the current driver},
	journaltitle = {Applied Physics B: Lasers and optics},
	date         = {2012},
	volume       = {109},
	number       = {3},
	eid          = {407-414},
	doi          = {https://doi.org/10.1007/s00340-012-5005-x},
	file         = {P:\Andre\Paper\QCL\Linewidth of a QCL asses from its frequency noise spectrum.pdf},
}

@Article{Chiarugi2018,
	author       = {Antonio Chiarugi and Silvia Viciani and Francesco D’Amatoand and Mike Burton},
	title        = {Diode laser-based gas analyser for the simultaneous measurement of CO2 and HF in volcanic plumes},
	journaltitle = {Athmospheric Measurement Techniques},
	date         = {2018},
	volume       = {11},
	eid          = {329–339},
	doi          = {https://doi.org/10.5194/amt-11-329-2018},
	file         = {P:\Andre\Paper\Absorbtionsspektroskopie an Co2\Diode laser-based gas analyser for the simultaneous measurementof CO2and HF in volcanic plumes.pdf},
}


@Article{Hitran2012,
	author       = {L.S. Rothmana and I.E.Gordon and Y.Babikov and A.Barbe},
	title        = {The HITRAN2012 molecular spectroscopic database},
	journaltitle = {Journal of Quantitative Spectroscopy and Radiative Transfer},
	date         = {2013},
	volume       = {130},
	eid          = {4-50},
	doi          = {https://doi.org/10.1016/j.jqsrt.2013.07.002},
	file         = {P:\Andre\Paper\Absorbtionsspektroskopie an Co2\The HITRAN2012molecularspectroscopicdatabase.pdf},
}

@Article{Hitran2016,
	author       = {L.S. Rothmana and I.E.Gordon and C.Hill and Y.Tan},
	title        = {The HITRAN2016 molecular spectroscopic database},
	journaltitle = {Journal of Quantitative Spectroscopy and Radiative Transfer},
	date         = {2017},
	volume       = {203},
	eid          = {3-69},
	doi          = {https://doi.org/10.1016/j.jqsrt.2017.06.038},
	file         = {P:\Andre\Paper\Absorbtionsspektroskopie an Co2\The HITRAN2016molecularspectroscopicdatabase.pdf},
}

@Article{Padilla2007,
	author       = {Gerardo J. Padilla-Víquez and Jorge Koelliker-Delgado and Olav Werhahn and Karl Jousten and Detlef Schiel},
	title        = {Traceable CO2-R(12) Line Intensity for Laser-Spectroscopy-Based Gas Analysis Near 2 $\mu$m},
	journaltitle = {IEEE Transactions on Instrumentation and Measurement},
	date         = {2007},
	volume       = {56},
	number       = {2},
	doi          = {10.1109/TIM.2007.891160},
	file         = {P:\Andre\Paper\Absorbtionsspektroskopie an Co2\Traceable CO2-R(12)Line Intensity forLaser-Spectroscopy-Based GasAnalysis Near 2mum.pdf},
}

@Article{Fleisher2019,
	author       = {Adam J. Fleisher and Erin M. Adkins and Zachary D. Reed and Hongming Yi and David A. Long and Hélène M. Fleurbaey and Joseph T. Hodges},
	title        = {Twenty-five-fold reduction in measurement uncertainty for a molecular line intensity},
	journaltitle = {IEEE Transactions on Instrumentation and Measurement},
	date         = {2019},
	volume       = {123},
	number       = {4},
	doi          = {10.1103/PhysRevLett.123.043001},
	file         = {P:\Andre\Paper\Absorbtionsspektroskopie an Co2 - Linienstärken\Twenty-five-fold reduction in measurement uncertainty for a molecular line intensity.pdf},
}

@Article{Engeln1998,
	author       = {Richard Engeln and Giel Berden and Rudy Peeters and Gerard Meijer},
	title        = {Cavity enhanced absorption and cavity enhanced magnetic rotation spectroscopy},
	journaltitle = {Review of Scientific Instruments},
	date         = {1998},
	volume       = {69},
	doi          = {https://doi.org/10.1063/1.1149176},
	file         = {P:\Andre\Paper\Absorbtionsspektroskopie Methoden\Cavity enhanced absorption and cavity enhanced magnetic rotationspectroscopy.pdf},
}

@Article{Zalicki1998,
	author       = {Piotr Zalicki and Richard N. Zare},
	title        = {Cavity ring-down spectroscopy for quantitative absorption measurements},
	journaltitle = {Journal of Chemical Physics},
	date         = {1998},
	volume       = {102},
	eid          = {2708},
	doi          = {https://doi.org/10.1063/1.468647},
	file         = {P:\Andre\Paper\Absorbtionsspektroskopie Methoden\Cavity ring-down spectroscopy for quantitative absorption measurements.pdf},
}

@Article{Romanini1997,
	author       = {D. Romanini and A.A. Kachanov and N. Sadeghi and E Stoeckel},
	title        = {CW cavity ring down spectroscopy},
	journaltitle = {Chemical Physics Letters},
	date         = {1997},
	volume       = {264},
	eid          = {316-322},
	doi          = {10.1016/S0009-2614(96)01351-6},
	file         = {P:\Andre\Paper\Absorbtionsspektroskopie Methoden\CW cavity ring down spectroscopy.pdf},
}

@Article{Romanini1993,
	author       = {D. Romanini and K. K. Lehmann},
	title        = {Ring-down cavity absorption spectroscopy of the very weak HeN
	overtone bands with six, seven, and eight stretching quanta},
	journaltitle = {The Journal of Chemical Physics},
	date         = {1993},
	volume       = {264},
	eid          = {316-322},
	doi          = {http://dx.doi.org/10.1063/1.465866},
	file         = {P:\Andre\Paper\Absorbtionsspektroskopie Methoden\Ring-down cavity absorption spectroscopy of the very weak HeN overtone bands with six, seven, and eight stretching quanta.pdf},
}

@Article{chen1957,
	author       = {Shang-Yi Ch’en and Makoto Takeo},
	title        = {Broadening and Shift of Spectral Lines due to the Pressence of Foreign Gases},
	journaltitle = {Reviews of Modern Physics},
	date         = {1957},
	volume       = {29},
	number       = {1},
	doi          = {https://doi.org/10.1103/RevModPhys.29.20},
	file         = {P:\Andre\Paper\Absorbtionsspektroskopie Theoretische Spektren\Broadening and shift of soectral lines due to foreign atoms.pdf},
}

@Article{Hartmann2018,
	author       = {Jean-Michel Hartmann and Ha Tran and Raymond Armante},
	title        = {Recent advances in collisional effects on spectra of molecular gases and their practical consequences},
	journaltitle = {Journal of Quantitative Spectroscopy and Radiative Transfer},
	date         = {2018},
	doi          = {https://doi.org/10.1016/j.jqsrt.2018.03.016},
	file         = {P:\Andre\Paper\Absorbtionsspektroskopie Theoretische Spektren\Recent advances in collisional effects on spectra of molecular gases and their practical consequences.pdf},
}

@Article{Margenau1936,
	author       = {Henry Margenau and William W. Watson},
	title        = {Pressure Effects on Spectral Lines},
	journaltitle = {Reviews of Modern Physics},
	date         = {1936},
	volume       = {8},
	doi          = {https://doi.org/10.1103/RevModPhys.8.22},
	file         = {P:\Andre\Paper\Absorbtionsspektroskopie Theoretische Spektren\Pressure_effects_on_spectral_lines.pdf},
}

@Article{Weisskopf1932,
	author       = {V. Weisskopf},
	title        = {Zur Theorie der Kopplungsbreite und der Stoßdämpfung.},
	journaltitle = {Zeitschrift für Physik},
	date         = {1932},
	volume       = {75},
	eid          = {287–301},
	doi          = {https://doi.org/10.1007/BF01341858},
	file         = {P:\Andre\Paper\Absorbtionsspektroskopie Theoretische Spektren\Zur Theorie der Kopplungsbreite und der Stoßdämpfung.pdf},
}

@Article{Ngo2017,
	author       = {H. Ngo and H. Lin and J.T. Hodges and H. Tran},
	title        = {Spectral shapes of rovibrational lines of CO broadened by He, Ar, Kr and SF6: A test case of the Hartmann-Tran profile},
	journaltitle = {Journal of Quantitative Spectroscopy and Radiative Transfer},
	date         = {2017},
	volume       = {203},
	doi          = {https://doi.org/10.1016/j.jqsrt.2017.03.001},
	file         = {P:\Andre\Paper\Absorbtionsspektroskopie Theoretische Spektren\Spectral shapes of rovibrational lines of CO broadened by He, Ar, Kr and SF 6 : A test case of the Hartmann-Tran profile.pdf},
}

@Article{Black2001,
	author       = {Eric D. Black},
	title        = {An introduction to Pound–Drever–Hall laser frequency stabilization},
	journaltitle = {American Journal of Physics},
	date         = {2001},
	volume       = {69},
	eid          = {79},	
	doi          = { https://doi.org/10.1119/1.1286663},
	file         = {P:\Andre\Arbeit\Paper\Frequenzstabilisierung\An introduction to Pound–Drever–Hall laser frequency stabilization.pdf},
}


@Article{PoundDrever1983,
	author       = {R.W.P. Drever and J.L Hall and F.V Kowalski and J. Hough and G.M. Ford},
	title        = {Laser Phase and Frequency Stabilization Using an Optical Resonator},
	journaltitle = {Applied Physics B Photophysics and Laser Chemistry},
	date         = {1983},
	volume       = {31},
	eid          = {97-105},	
	doi          = {10.1007/BF00702605},
	file         = {P:\Andre\Arbeit\Paper\Frequenzstabilisierung\Laser Phase and Frequency Stabilization
	Using an Optical Resonator.pdf},
}


@Article{Argence2015,
	author       = {B. Argence and C. Daussy and Y. Coq},
	title        = {Quantum cascade laser frequency stabilization at the sub-Hz level},
	journaltitle = {Nature Photonics},
	date         = {2015},	
	doi          = {10.1038/nphoton201593},
	file         = {P:\Andre\Arbeit\Paper\Frequenzstabilisierung\Quantum cascade laser frequency stabilization at the sub-Hz level.pdf},
}


@Article{Kischkat2012,
	author       = {J. Kischkat and S. Peters and B. Gruska and M. Semtsiv and M. Chaashnikova},
	title        = {Mid-infrared optical properties of thin films of aluminum
	oxide, titanium dioxide, silicon dioxide, aluminum
	nitride, and silicon nitride},
	journaltitle = {Applied Optics},
	date         = {2015},	
	volume       = {51,28},
	eid          = {6789-6798},
	doi          = {10.1364/AO.51.006789},
	file         = {P:\Andre\Arbeit\Paper\Frequenzstabilisierung\Mid-infrared optical properties of thin films of aluminum
	oxide, titanium dioxide, silicon dioxide, aluminum
	nitride, and silicon nitride.pdf},
}

@Article{Shehzad2019,
	author       = {A. Shehzad and P. Brochard and R. Matthey},
	title        = {10 kHz linewidth mid-infrared quantum cascade laser by stabilization to an optical delay line},
	journaltitle = {Optics Letters},
	date         = {2019},	
	volume       = {44,14/15},
	doi          = {https://doi.org/10.1364/OL.44.003470},
	file         = {P:\Andre\Arbeit\Paper\QCL\10kHz_linewidth_mid_infrared_laser_delay_line.pdf},
}


@Article{Mathonniere2018,
	author       = {S. Mathonniere and J. Tomko and Y. Matsuoka and S. Peters and J. Kischkat},
	title        = {External cavity quantum cascade laser emitting from 12.3 to 13.2 $\mu$m},
	journaltitle = {Applied Physics B Lasers and Optics},
	date         = {2018},	
	volume       = {124:149},
	doi          = {https://doi.org/10.1007/s00340-018-7017-7},
	file         = {P:\Andre\Arbeit\Paper\QCL\External cavity quantum cascade laser emitting from 12.3 to 13.2.pdf},
}

@Article{Taubman2002,
	author       = {M.S. Taubman and T.L. Myers and B.D. Cannon and R.M Williams},
	title        = {Frequency stabilization of quantum-cascade lasers by use of
	optical cavities},
	journaltitle = {Optics Letters},
	date         = {2002},	
	volume       = {27, No. 24},
	doi          = {10.1364/OL.27.002164},
	file         = {P:\Andre\Arbeit\Paper\QCL\Frequency stabilization of quantum-cascade lasers by use of
	optical cavities.pdf},
}

@Article{Bartalini2007,
	author       = {S. Bartalini and P. Cancio and P. Giusfredi and D. Mazotti},
	title        = {Frequency-comb-referenced quantum-cascade laser
	at 4.4 $\mu$m},
	journaltitle = {Optics Letters},
	date         = {2007},	
	volume       = {32, No. 8},
	doi          = {10.1364/OL.32.000988},
	file         = {P:\Andre\Arbeit\Paper\QCL\Frequency-comb-referenced quantum-cascade laser
	at 4.4m.pdf},
}


@Article{DeCumis2016,
	author       = {M. Siciliani de Cumis and S. Borri and G. Insero and I. Galli},
	title        = {Microcavity-Stabilized Quantum Cascade Laser},
	journaltitle = {Laser and Photonics Reviews},
	date         = {2016},	
	volume       = {10, No. 1, 153-157},
	doi          = {0.1002/lpor.201500214},
	file         = {P:\Andre\Arbeit\Paper\QCL\Microcavity-Stabilized Quantum Cascade Laser.pdf},
}

@Article{Hugi2012,
	author       = {A. Hugi and G. Villare and S. Blaser annd H.C. Liu and J. Faist},
	title        = {Mid-infrared frequency comb based on a quantum
	cascade laser},
	journaltitle = {Nature},
	date         = {2012},	
	volume       = {492, pages 229–233},
	doi          = {doi:10.1038/nature11620},
	file         = {P:\Andre\Arbeit\Paper\QCL\Mid-infrared frequency comb based on a quantum
	cascade laser.pdf},
}


@Article{Fasci2014,
	author       = {E. Fasci and N. Coluccelli and M. Casserino and A.Gambetta},
	title        = {Narrow-linewidth quantum cascade laser at 8.6 $\mu$m},
	journaltitle = {Optics Letters},
	date         = {2014},	
	volume       = {39, No. 16},
	doi          = {http://dx.doi.org/10.1364/OL.39.004946},
	file         = {P:\Andre\Arbeit\Paper\QCL\Narrow-linewidth quantum cascade laser at 8.6 mum.pdf},
}


@ConferencePaper{Tombez2013,
	author       = {L. Tombez and S. Schilt and G. Di Domenico and S. Blaser and A. Muller},
	title        = {Physical Origin of Frequency Noise and Linewidth in
	Mid-IR DFB Quantum Cascade Lasers},
	journaltitle = {CLEO: 2013, Conference Paper},
	date         = {2013},	
	doi          = {https://doi.org/10.1364/CLEO_SI.2013.CM1K.3},
	file         = {P:\Andre\Arbeit\Paper\QCL\Physical Origin of Frequency Noise and Linewidth in
	Mid-IR DFB Quantum Cascade Lasers.pdf},
}

@Article{Borri2016,
	author       = {S. Borri and M. Siciliani de Cumis and G. Insero and S. Bartalini},
	title        = {Tunable Microcavity-Stabilized Quantum Cascade
	Laser for Mid-IR High-Resolution Spectroscopy
	and Sensing},
	journaltitle = {Sensors},
	date         = {2016},
	volume       = {16(2)},
	doi          = {https://doi.org/10.3390/s16020238},
	file         = {P:\Andre\Arbeit\Paper\QCL\Tunable Microcavity-Stabilized Quantum Cascade
	Laser for Mid-IR High-Resolution Spectroscopy and Sensing.pdf},
	
}

@Article{Haefner2015,
	author       = {S. Haefner and S.Falke and C. Grebing and S. Vogt},
	title        = {8 * 10e−17 fractional laser frequency instability
	with a long room-temperature cavity},
	journaltitle = {Optics Letters},
	date         = {2015},
	volume       = {Vol. 40, No. 9},
	doi          = {https://doi.org/10.1364/OL.40.002112},
	file         = {C:\Users\Andre\Desktop\Promotion\Arbeit\Paper\Frequenzstabilisierung\8 × 10^${−17}$ fractional laser frequency instability with a long room-temperature cavity},
	
}


@Thesis{Rubin2016,
	author       = {T. Rubin},
	title        = {Praezise Partialdruckbestimmung bei der Atemgasanalyse und in der Metrologie
	},
	journaltitle = {PHD-thesis},
	date         = {2016},
	doi          = {http://dx.doi.org/10.17169/refubium-6520},
	file         = {C:\Users\Andre\Desktop\Promotion\Arbeit\Paper\Dissertationen\Tom_Rubin},
	
}

@Book{Jousten2016,
	author       = {K. Jousten},
	title        = {Handbook of Vacuum Technology},
	date         = {2016},
	doi          = { https://doi.org/10.1002/9783527688265.ch11},
	file         = {C:\Users\Andre\Desktop\Promotion\Arbeit\Paper\},
	
}

@Book{Demtroeder2015,
	author       = {W. Demtroeder},
	title        = {Experimentalphysik 3 Atome, Moleküle und Festkörper (5.Auflage)},
	date         = {2015},
	doi          = {10.1007/978-3-662-49094-5},
	file         = {C:\Users\Andre\Desktop\Promotion\Arbeit\Paper\Bücher\demtroeder3},
	
}


@Article{White1942,
	author       = {John U. White},
	title        = {Long Optical Paths of Large Aperture},
	journaltitle = {Journal of the Optical Society of America},
	date         = {1942},
	volume       = {Vol. 32, Issue 5,},
	doi          = {https://doi.org/10.1364/JOSA.32.000285},
	file         = {C:\Users\Andre\DesktopPromotion\Arbeit\Paper\Multipass-cells\White-cell},
	
}

@Article{Cardilli2016,
	author       = {M. Cardilli and M.Dabicco and F.Mezzapesa},
	title        = {Linewidth measurement of mid infrared quantum cascade laser by optical feedback interferometry},
	journaltitle = {Appl. Phys. Lett. },
	date         = {2016},
	volume       = {Vol. 108},
	doi          = {https://doi.org/10.1063/1.4940116},
	file         = {C:\Users\Andre\DesktopPromotion\Arbeit\Paper\Linienbreite-Optimierung-und-Messung\Linewidth measurement of mid infrared quantum cascade laser by opticalfeedback interferometry},
	
}


@Article{Bartalini2011,
	author       = {S. Bartalini and S. Borri and I. Galli and G. Giusfredi},
	title        = {Measuring frequency noise and intrinsic linewidth of a room-temperature DFB quantum cascade laser},
	journaltitle = {Optical Society of America, Optics Express},
	date         = {2011},
	volume       = {Vol. 19, Nr. 19},
	doi          = {https://doi.org/10.1364/OE.19.017996},
	file         = {C:\Users\Andre\DesktopPromotion\Arbeit\Paper\Linienbreite-Optimierung-und-Messung\Measuring frequency noise and intrinsic linewidth of a room-temperature DFB quantum cascade laser},
	
}


@Article{Cappelli2012,
	author       = {F. Cappelli and I.Galli and S.Borri},
	title        = {Subkilohertz linewidth room-temperaturemid-infrared quantum cascade laserusing a molecular sub-Doppler reference},
	journaltitle = {Optics Letters},
	date         = {2012},
	volume       = {Vol. 37, Nr. 23},
	doi          = {https://doi.org/10.1364/OL.37.004811},
	file         = {C:\Users\Andre\DesktopPromotion\Arbeit\Paper\Linienbreite-Optimierung-und-Messung\Subkilohertz linewidth room-temperaturemid-infrared quantum cascade laserusing a molecular sub-Doppler reference},
	
}


@Article{Mukherjee2008,
	author       = {N.Mukherjee and R.Go and C.Patel},
	title        = {Linewidth measurement of externalgrating cavity quantum cascade laser usingsaturation spectroscopy},
	journaltitle = {Applied Physics Letters},
	date         = {2008},
	volume       = {Vol. 92},
	doi          = {https://doi.org/10.1063/1.2901038},
	file         = {C:\Users\Andre\DesktopPromotion\Arbeit\Paper\Linienbreite-Optimierung-und-Messung\Linewidth measurement of externalgrating cavity quantum cascade laser usingsaturation spectroscopy},
	
}

@Book{Faist2018,
	author       = {Jerome Faist},
	title        = {Quantum Cascade Lasers},
	date         = {2018},
	doi          = {10.1093/acprof:oso/9780198528241.001.0001},
	file         = {C:\Users\Andre\Desktop\Promotion\Arbeit\Paper\},
}


@Book{Haug2009,
	author       = {H. Haug and S.W.Koch},
	title        = {Quantum theory of the optical and electronical properties of semiconductors.},
	date         = {2009},
	doi          = {https://doi.org/10.1142/7184},
	file         = {C:\Users\Andre\Desktop\Promotion\Arbeit\Paper\Halbleitereigenschaften\Quantum Theory of the Optical and Electronic Properties of Semiconductors},
}

@Thesis{Sergachev2017,
	author       = {I. Sergachev. Rubin},
	title        = {High-Power and Narrow-Linewidth Optimizations of Mid-Infrared Quantu Cascade Lasers},
	journaltitle = {PHD-thesis},
	date         = {2017},
	doi          = {doi: 10.5451/unibas-006771214},
	file         = {C:\Users\Andre\Desktop\Promotion\Arbeit\Paper\Dissertationen\High-Power and Narrow-Linewidth-Ilia-Sergachev},
	
}



@Article{DiDomenico2010,
	author       = {G. Di Domenico and S. Schilt and P. Thomann},
	title        = {Simple approach to the relation between laser frequency noise and laser line shape},
	journaltitle = {Applied Optics},
	date         = {2010},
	volume       = {Vol. 49, issue 25},
	doi          = {https://doi.org/10.1364/AO.49.004801},
	file         = {C:\Users\Andre\DesktopPromotion\Arbeit\Paper\Linienbreite-Optimierung-und-Messung\LSimple approach to the relation between laser frequency noiose and laser lineshape},
	
}


@Article{Sergachev2014,
	author       = {I. Sergachev and R. Maulini and A. Bismuto and S. Blaser and T. Gresch},
	title        = {All-electrical frequency noise reduction and linewidth narrowing in quantum cascade lasers},
	journaltitle = {Optics Letters},
	date         = {2014},
	volume       = {Vol. 39, issue 23},
	doi          = {DOI: 10.1364/OL.39.006411},
	file         = {C:\Users\Andre\DesktopPromotion\Arbeit\Paper\Linienbreite-Optimierung-und-Messung\All-electrical frequency noise reduction and linewidth
	narrowing in quantum cascade lasers},
	
}


@Article{Bucalovic2014,
	author       = {N. Bucalovic and V. Dolgovskiy and C. Schori},
	title        = {Experimental validation of a simple approximation to determine the linewidth of a laser from its frequency noise spectrum},
	journaltitle = {Applied Optics},
	date         = {2014},
	volume       = {Vol.51, issue 20},
	doi          = {https://doi.org/10.1364/AO.51.004582},
	file     = {C:\Users\Andre\DesktopPromotion\Arbeit\Paper\Linienbreite-Optimierung-und-Messung\Experimental validation of a simple approximation to determine the linewidth of a laser from its frequency noise spectrum narrowing in quantum cascade lasers},
	
}


@Article{Deng2020,
	author       = {Y. Deng and B. Zhao and X. Wang and C. Wang},
	title        = {Narrow linewidth characteristics of
	interband cascade lasers},
	journaltitle = {Applied Physics Letters},
	date         = {2020},
	volume       = {Vol.116},
	doi          = {https://doi.org/10.1063/5.0006823},
	file     = {C:\Users\Andre\DesktopPromotion\Arbeit\Paper\Linienbreite-Optimierung-und-Messung\Narrow linewidth characteristics of
	interband cascade lasers},
	
}

@Book{Lauterborn2003,
	author       = {W. Lauterborn},
	title        = {Coherent Optics - Fundamentals and Applications},
	date         = {2003},
	ISBN         = {3-540-43933-1},
	file         = {C:\Users\kussic01\Desktop\Andre\Arbeit\Paper\Bücher\Coherent-Optics-Werner-Lauterborn},
}

@Book{DemtroederLaser2011,
	author       = {W. Demtröder},
	title        = {Laserspektroskopie 1},
	date         = {2011},
	doi          = {10.1007/978-3-642-21306-9},
	file         = {C:\Users\kussic01\Desktop\Andre\Arbeit\Paper\Bücher\Demtröder\Laserspectroskopie1},
}

@Article{HitranAPI,
	author       = {R.V. Kochanov, I.E. Gordon, L.S. Rothman},
	title        = {HITRAN Application Programming Interface (HAPI): A comprehensive approach to working with spectroscopic data},
	journaltitle = {J. Quant. Spectrosc. Radiat. Transfer },
	date         = {2016},
	volume       = {Vol.177},
	doi          = {https://doi.org/10.1016/j.jqsrt.2016.03.005}
	
}

@Article{Hartmann-Tran,
	author       = {N.H. Ngo and D. Lisak and H. Tran},
	title        = {An isolated line-shape model to go beyond the Voigt profile in
	spectroscopic databases and radiative transfer codes},
	journaltitle = {Journal of Quantitative Spectroscopy and Radiative Transfer},
	date         = {2013},
	volume       = {Vol.129},
	doi          = {https://doi.org/10.1016/j.jqsrt.2013.05.034 }
	
}
@Article{Shawlow-Twones,
	author       = {A. L. Schawlow and C. H. Townes},
	title        = {Infrared and Optical Masers},
	journaltitle = {Physical Review},
	date         = {1940},
	volume       = {Vol.112},
	doi          = {https://doi.org/10.1103/PhysRev.112.1940}
	
}

@Article{DiDomenico-2010,
	author       = {Gianni Di Domenico and Stéphane Schilt and Pierre Thomann},
	title        = {Simple approach to the relation between laser frequency
	noise and laser line shape},
	journaltitle = {Applied Optics},
	date         = {2010},
	volume       = {Vol.49 issue 25},
	doi          = {https://doi.org/10.1364/AO.49.004801}
	
}

@Article{Shezad-2019,
	author       = {Atif Shezad and Pierre Brochard and Renaud Matthey},
	title        = {10 kHz linewidth mid-infrared quantum cascade
	laser by stabilization to an optical delay line},
	journaltitle = {Optics Letters},
	date         = {2019},
	volume       = {Vol.44 No. 14},
	doi          = {https://doi.org/10.1364/OL.44.003470}
	
}

@Article{deCumis-2016,
	author       = {Mario Siciliani de Cumis and  Simone Borri and Giacomo Insero},
	title        = {Microcavity-Stabilized Quantum Cascade Laser},
	journaltitle = {Laser Photonics Rev.},
	date         = {2016},
	volume       = {Vol.10 No. 1},
	doi          = {DOI 10.1002/lpor.201500214}
	
}

@Article{Fasci-2014,
	author       = {Eugenio Fasci and  Nicola Coluccelli and Marco Cassinerio},
	title        = {Narrow-linewidth quantum cascade laser at 8.6 $\mu$m},
	journaltitle = {Optics Letters},
	date         = {2014},
	volume       = {Vol.39 No. 16},
	doi          = {https://doi.org/10.1364/OL.39.004946}
	
}

@Article{Cappelli-2012,
	author       = {F. Cappelli and I. Galli and S. Borri},
	title        = {Subkilohertz linewidth room-temperature
	mid-infrared quantum cascade laser
	using a molecular sub-Doppler reference},
	journaltitle = {Optics Letters},
	date         = {2012},
	volume       = {Vol.37 No. 23},
	doi          = {https://doi.org/10.1364/OL.37.004811}
	
}
@Article{Takaishi-1963,
	author       = {T. Takaishi and Y. Sensui},
	title        = {Thermal Transpiration Effect of Hydrogen, Rare
	Gases and Methane},
	journaltitle = {Transactions of the Faraday Society},
	date         = {1963},
	volume       = {Volume 59},
	doi          = {https://doi.org/10.1039/TF9635902503}
	
}
@Article{Setina-1999,
	author       = {J.Setina},
	title        = {New approach to corrections for thermal transpiration effects in capacitance diaphragm gauges},
	journaltitle = {Metrologia},
	date         = {1999},
	volume       = {Volume 36, No.6},
	doi          = {DOI 10.1088/0026-1394/36/6/27}
	
}
@Article{Jousten-2017,
	author       = {K. Jousten and J. Hendricks and D. Barker},
	title        = {Perspective for a new realization of the Pascal by optical methods},
	journaltitle = {Metrologia},
	date         = {2017},
	volume       = {Volume 54, No.6},
	doi          = {doi: 10.1088/1681-7575/aa8a4d}
	
}
@Article{Sevast-1986,
	author       = {R. M. Sevast'yanov and R. A. Chernyavskaya },
	title        = {Virial coefficients of nitrogen, oxygen, and air at temperatures from 75 to 2500 K},
	journaltitle = {Journal of engineering physics},
	date         = {1986},
	volume       = {Volume 51},
	doi          = {https://doi.org/10.1007/BF00871372}
	
}

@Book{Born-1980,
	author       = {Max Born and Emil Wolf},
	title        = {Principles of Optics},
	date         = {1980},
	ISBN         = {ISBN0-08-026481-6. },
}
@Article{Peck-1966,
	author       = {Edson R. Peck and Baij Nath Khanna},
	title        = {Dispersion of Nitrogen},
	journaltitle = {Journal of the Optical Society of America},
	date         = {1966},
	volume       = {Volume 56, Issue 8},
	doi          = {https://doi.org/10.1364/JOSA.56.001059}
	
}
@Article{Axner-2021,
	author       = {Ove Axner and Clayton Forssén and Isak Silander and Johan Zakrisson and Martin Zelan},
	title        = {Ability of gas modulation to reduce the pickup of drifts in refractometry},
	journaltitle = {Journal of the Optical Society of America B},
	date         = {2021},
	volume       = {Vol. 38, Issue 8,},
	doi          = {https://doi.org/10.1364/JOSAB.420982}
	
}

@Comment{jabref-meta: databaseType:biblatex;}

@Comment{jabref-meta: grouping:
0 AllEntriesGroup:;
1 KeywordGroup:Metrologie\;0\;keywords\;Metrologie\;0\;0\;1\;\;\;\;;
1 KeywordGroup:Methodik\;0\;keywords\;Methodik\;0\;0\;1\;\;\;\;;
1 KeywordGroup:Mikrotechnik\;0\;keywords\;Mikrotechnik\;0\;0\;1\;\;\;\;;
1 KeywordGroup:Reinraumtechnik\;0\;keywords\;Reinraumtechnik\;0\;0\;1\;\;\;\;;
}
